@misc{2factorauth_2fadirectory_2024,
  author  = {2factorauth},
  title   = {2FA Directory},
  url     = {https://2fa.directory/int/},
  urldate = {2024-04-04},
  year    = {2024}
}

@article{acemyn_2fa_2018,
  address   = {Los Angeles, CA},
  author    = {Acemyan, Claudia Ziegler and Kortum, Philip and Xiong, Jeffrey and Wallach, Dan S.},
  issn      = {1541-9312},
  journal   = {Proceedings of the Human Factors and Ergonomics Society Annual Meeting},
  number    = {1},
  pages     = {1141-1145},
  publisher = {SAGE Publications},
  title     = {2FA Might Be Secure, But It's Not Usable: A Summative Usability Assessment of Google's Two-factor Authentication (2FA) Methods},
  volume    = {62},
  year      = {2018}
}

@article{alsabah_your_2018,
  author  = {AlSabah, Mashael and Oligeri, Gabriele and Riley, Ryan},
  doi     = {10.1016/j.cose.2018.03.014},
  journal = {Computers \& Security},
  pages   = {427--441},
  title   = {Your culture is in your password: {An} analysis of a demographically-diverse password dataset},
  volume  = {77},
  year    = {2018}
}

@article{bonneau_quest_2012,
  author  = {Bonneau, Joseph and Herley, Cormac and Oorschot, Paul and Stajano, Frank},
  doi     = {10.1109/SP.2012.44},
  journal = {IEEE Symp. on Security and Privacy},
  pages   = {553-567},
  title   = {The Quest to Replace Passwords: A Framework for Comparative Evaluation of Web Authentication Schemes},
  year    = {2012}
}

@misc{danske_id_2024,
  author  = {{Danske Bank}},
  title   = {Danske ID -tunnistussovellus},
  url     = {https://danskebank.fi/sinulle/paivittaispalvelut/digitaaliset-pankkipalvelut/danske-id},
  urldate = {2024-03-09},
  year    = {2024}
}

@inproceedings{das_mfa_2020,
  author = {Das, Sanchari and Wang, Bingxing and Kim, Andrew and Camp, L. Jean},
  doi    = {10.24251/HICSS.2020.669},
  title  = {{MFA} is {A} {Necessary} {Chore}!: {Exploring} {User} {Mental} {Models} of {Multi}-{Factor} {Authentication} {Technologies}},
  year   = {2020}
}

@techreport{fenton_digital_2017,
  author      = {Fenton, James L and Grassi, Paul A and Garcia, Michael E},
  doi         = {10.6028/NIST.SP.800-63-3},
  institution = {National Institute of Standards and Technology},
  title       = {Digital identity guidelines: revision 3},
  year        = {2017}
}

@book{gehl_social_2022,
  author    = {Gehl, Robert W. and Lawson, Sean T},
  doi       = {10.7551/mitpress/12984.001.0001},
  isbn      = {978-0-262-36892-6},
  pages     = {9},
  publisher = {The MIT Press},
  title     = {Social {Engineering}: {How} {Crowdmasters}, {Phreaks}, {Hackers}, and {Trolls} {Created} a {New} {Form} of {Manipulative} {Communication}},
  year      = {2022}
}

@misc{github_about_2024,
  author  = {GitHub},
  title   = {About mandatory two-factor authentication},
  url     = {https://docs.github.com/en/authentication/securing-your-account-with-two-factor-authentication-2fa/about-mandatory-two-factor-authentication},
  urldate = {2024-04-05},
  year    = {2024}
}

@inproceedings{golla_driving_2021,
  author    = {Golla, Maximilian and Ho, Grant and Lohmus, Marika and Pulluri, Monica and Redmiles, Elissa M.},
  booktitle = {30th USENIX Security Symposium (USENIX Security 21)},
  isbn      = {978-1-939133-24-3},
  pages     = {109--126},
  publisher = {USENIX Association},
  title     = {Driving {2FA} Adoption at Scale: Optimizing {Two-Factor} Authentication Notification Design Patterns},
  year      = {2021}
}

@misc{google_making_2021,
  author  = {Google},
  title   = {Making sign-in safer and more convenient},
  url     = {https://blog.google/technology/safety-security/making-sign-safer-and-more-convenient/},
  urldate = {2024-04-05},
  year    = {2021}
}

@misc{google_trends1_2024,
  author  = {Google},
  title   = {two factor authentication vs multi factor authentication},
  url     = {https://trends.google.com/trends/explore?date=today%205-y&q=two%20factor%20authentication,multi%20factor%20authentication&hl=en},
  urldate = {2024-03-20},
  year    = {2024}
}

@misc{google_trends2_2024,
  author  = {Google},
  title   = {two-factor authentication vs multi-factor authentication},
  url     = {https://trends.google.com/trends/explore?date=today%205-y&q=two-factor%20authentication,multi-factor%20authentication&hl=en},
  urldate = {2024-03-20},
  year    = {2024}
}

@techreport{grassi_digital_2017,
  author      = {Grassi, Paul A and Fenton, James L and Newton, Elaine M and Perlner, Ray A and Regenscheid, Andrew R and Burr, William E and Richer, Justin P and Lefkovitz, Naomi B and Danker, Jamie M and Choong, Yee-Yin and Greene, Kristen K and Theofanos, Mary F},
  doi         = {10.6028/NIST.SP.800-63b},
  institution = {National Institute of Standards and Technology},
  title       = {Digital identity guidelines: authentication and lifecycle management},
  year        = {2017}
}

@article{jover_security_2020,
  author    = {Jover, Roger Piqueras},
  doi       = {10.1145/3424302.3425909},
  issn      = {1542-7730},
  journal   = {Queue},
  number    = {4},
  numpages  = {24},
  pages     = {37–60},
  publisher = {Association for Computing Machinery},
  title     = {Security Analysis of SMS as a Second Factor of Authentication},
  volume    = {18},
  year      = {2020}
}

@article{karim_choosing_2024,
  author    = {Karim, Nader Abdel and Kanaker, Hasan and Abdulraheem, Waleed K. and Ghaith, Majdi Ali and Alhroob, Essam and Alali, Abdulla Mousa Falah},
  issn      = {2561-8148},
  journal   = {International journal of data and network science (Print)},
  number    = {1},
  pages     = {201-212},
  publisher = {Growing Science},
  title     = {Choosing the right MFA method for online systems: A comparative analysis},
  volume    = {8},
  year      = {2024}
}

@misc{keenious_keenious_2024,
  author  = {Keenious},
  title   = {Keenious},
  url     = {https://keenious.com},
  urldate = {2024-03-05},
  year    = {2024}
}

@article{li_practical_2021,
  author  = {Li, Wenting and Cheng, Haibo and Wang, Ping and Liang, Kaitai},
  doi     = {10.1109/TIFS.2021.3081263},
  issn    = {1556-6013, 1556-6021},
  journal = {IEEE Transactions on Information Forensics and Security},
  pages   = {3573--3588},
  title   = {Practical {Threshold} {Multi}-{Factor} {Authentication}},
  volume  = {16},
  year    = {2021}
}

@inproceedings{lyastani_systematic_2023,
  author    = {Lyastani, Sanam Ghorbani and Backes, Michael and Bugiel, Sven},
  booktitle = {Proceedings 2023 {Network} and {Distributed} {System} {Security} {Symposium}},
  doi       = {10.14722/ndss.2023.23362},
  title     = {A {Systematic} {Study} of the {Consistency} of {Two}-{Factor} {Authentication} {User} {Journeys} on {Top}-{Ranked} {Websites}},
  year      = {2023}
}

@article{marky_nah_2022,
  address   = {New York, NY},
  author    = {Marky, Karola and Ragozin, Kirill and Chernyshov, George and Matviienko, Andrii and Schmitz, Martin and Mühlhäuser, Max and Eghtebas, Chloe and Kunze, Kai},
  issn      = {1073-0516},
  journal   = {ACM transactions on computer-human interaction},
  number    = {5},
  pages     = {1-32},
  publisher = {ACM},
  title     = {“Nah, it's just annoying!” A Deep Dive into User Perceptions of Two-Factor Authentication},
  volume    = {29},
  year      = {2022}
}

@misc{nordea_id_2024,
  author  = {Nordea},
  title   = {Activating the Nordea ID app},
  url     = {https://www.nordea.fi/en/personal/our-services/online-mobile-services/activating-nordea-ID-app.html},
  urldate = {2024-03-09},
  year    = {2024}
}

@article{ometov_multi-factor_2018,
  author  = {Ometov, Aleksandr and Bezzateev, Sergey and Mäkitalo, Niko and Andreev, Sergey and Mikkonen, Tommi and Koucheryavy, Yevgeni},
  doi     = {10.3390/cryptography2010001},
  journal = {Cryptography},
  number  = {1},
  title   = {Multi-{Factor} {Authentication}: {A} {Survey}},
  volume  = {2},
  year    = {2018}
}

@misc{op_mobile_2024,
  author  = {OP},
  title   = {Mobile key},
  url     = {https://www.op.fi/private-customers/digital-services/mobile-key},
  urldate = {2024-03-09},
  year    = {2024}
}

@misc{openai_chatgpt_2024,
  author  = {OpenAI},
  title   = {ChatGPT},
  url     = {https://chat.openai.com},
  urldate = {2024-03-05},
  year    = {2024}
}

@misc{owasp_multifactor_2024,
  author  = {OWASP},
  title   = {Multifactor Authentication Cheat Sheet},
  url     = {https://cheatsheetseries.owasp.org/cheatsheets/Multifactor_Authentication_Cheat_Sheet.html},
  urldate = {2024-02-27},
  year    = {2024}
}

@inproceedings{petsas_two-factor_2015,
  author    = {Petsas, Thanasis and Tsirantonakis, Giorgos and Athanasopoulos, Elias and Ioannidis, Sotiris},
  articleno = {4},
  booktitle = {Proceedings of the Eighth European Workshop on System Security},
  doi       = {10.1145/2751323.2751327},
  numpages  = {7},
  publisher = {Association for Computing Machinery},
  series    = {EuroSec '15},
  title     = {Two-factor authentication: is the world ready? Quantifying 2FA adoption},
  year      = {2015}
}

@inproceedings{reese_usability_2019,
  author    = {Reese, Ken and Smith, Trevor and Dutson, Jonathan and Armknecht, Jonathan and Cameron, Jacob and Seamons, Kent},
  booktitle = {Proceedings of the Fifteenth USENIX Conference on Usable Privacy and Security},
  isbn      = {9781939133052},
  location  = {Santa Clara, CA, USA},
  pages     = {357–370},
  publisher = {USENIX Association},
  series    = {SOUPS'19},
  title     = {A usability study of five two-factor authentication methods},
  year      = {2019}
}

@article{shen_user_2016,
  author  = {Shen, Chao and Yu, Tianwen and Xu, Haodi and Yang, Gengshan and Guan, Xiaohong},
  doi     = {10.1016/j.cose.2016.05.007},
  journal = {Computers \& Security},
  pages   = {130--141},
  title   = {User practice in password security: An empirical study of real-life passwords in the wild},
  volume  = {61},
  year    = {2016}
}

@article{singh_keylogger_2021,
  author  = {Singh, Arjun and Choudhary, Pushpa and Singh, Akhilesh Kumar and Tyagi, Dheerendra Kumar},
  doi     = {10.1088/1742-6596/2007/1/012005},
  journal = {Journal of Physics: Conference Series},
  number  = {1},
  pages   = {1},
  title   = {Keylogger {Detection} and {Prevention}},
  volume  = {2007},
  year    = {2021}
}

@misc{twitter_account_2022,
  author  = {{X Corp., formerly Twitter, Inc.}},
  title   = {Account security},
  url     = {https://transparency.twitter.com/en/reports/account-security.html#2021-jul-dec},
  urldate = {2024-04-04},
  year    = {2022}
}

@book{yablonski_laws_2020,
  author    = {Yablonski, Jon},
  isbn      = {978-1-4920-5531-0},
  publisher = {O'Reilly Media, Inc},
  title     = {Laws of {UX}: Using Psychology to Design Better Products \& Services},
  year      = {2020}
}

@article{zimmermann_password_2020,
  author  = {Zimmermann, Verena and Gerber, Nina},
  doi     = {10.1016/j.ijhcs.2019.08.006},
  journal = {International Journal of Human-Computer Studies},
  pages   = {26--44},
  title   = {The password is dead, long live the password – A laboratory study on user perceptions of authentication schemes},
  volume  = {133},
  year    = {2020}
}
